[gd_scene load_steps=11 format=2]

[ext_resource path="res://scripts/player/player_red.gd" type="Script" id=1]
[ext_resource path="res://assets/player/player_red/player_red_1.png" type="Texture" id=2]
[ext_resource path="res://assets/player/player_red/player_red_2.png" type="Texture" id=3]
[ext_resource path="res://assets/player/player_red/player_red_3.png" type="Texture" id=4]
[ext_resource path="res://assets/player/player_red_1.png" type="Texture" id=5]
[ext_resource path="res://scenes/player/smoke.tscn" type="PackedScene" id=6]
[ext_resource path="res://scenes/player/player_red_hit.tscn" type="PackedScene" id=7]

[sub_resource type="SpriteFrames" id=1]
animations = [ {
"frames": [ ExtResource( 2 ), ExtResource( 3 ), ExtResource( 4 ) ],
"loop": true,
"name": "default",
"speed": 5.0
} ]

[sub_resource type="RectangleShape2D" id=2]
extents = Vector2( 30.3141, 15.6835 )

[sub_resource type="RectangleShape2D" id=3]
extents = Vector2( 49.811, 10.8582 )

[node name="KinematicBody2D" type="KinematicBody2D"]
script = ExtResource( 1 )

[node name="player_sprite_animated" type="AnimatedSprite" parent="."]
frames = SubResource( 1 )
frame = 2
playing = true

[node name="player_sprite" type="Sprite" parent="."]
visible = false
position = Vector2( 100.085, 24.5105 )
texture = ExtResource( 5 )

[node name="collision_tail" type="CollisionShape2D" parent="."]
position = Vector2( 28.2677, -8.36165 )
shape = SubResource( 2 )

[node name="collision_main_body" type="CollisionShape2D" parent="."]
position = Vector2( 49.1921, 7.28591 )
shape = SubResource( 3 )

[node name="smoke animation" parent="." instance=ExtResource( 6 )]

[node name="Camera2D" type="Camera2D" parent="."]
position = Vector2( 289.614, 0 )
current = true
limit_top = 0
limit_bottom = 600

[node name="player hit animation" parent="." instance=ExtResource( 7 )]
